@book{BeyondTransparency,
  author    = {Brett G.},
  title     = {Beyond Transparency: Open Data and the Future of Civic Innovation},
  publisher = {Code for America Press},
  year      = 2013,
  volume    = 1,
  edition   = 1,
  month     = 10,
  isbn      = {9780615889085},
  language  = {ukrainian}
}

@book{DistributedSystems,
  author    = {George C., Jean D., Tim K.},
  title     = {Distributed Systems: Concepts and Design},
  publisher = {Pearson},
  year      = 2011,
  volume    = 1,
  edition   = 5,
  month     = 6,
  isbn      = {9780132143011},
  language  = {ukrainian}
}

@book{BigDataFundamentals,
  author    = {Peter B.},
  title     = {Big Data Fundamentals: Concepts, Drivers & Techniques},
  publisher = {Prentice Hall},
  year      = 2015,
  volume    = 1,
  edition   = 1,
  month     = 12,
  isbn      = {9780134291079},
  language  = {ukrainian}
}

@misc{OpenDefinition,
  TITLE     = "Open Definition",
  NOTE      = "\url{http://opendefinition.org}",
  YEAR      = "2006",
  language  = {ukrainian}
}

@misc{5StarData,
  author    = {Tim B.},
  TITLE     = "Five Star Open Data",
  NOTE      = "\url{https://5stardata.info}",
  YEAR      = "2012",
  language  = {ukrainian}
}

@misc{OpendataHandBook,
  title    = "Open Data Handbook",
  note     = "\url{http://opendatahandbook.org}",
  year     = "2015",
  language = {ukrainian}
}

@misc{GoogleMapReduce,
  author       = {Jeffrey D., Sanjay G.},
  title        = {MapReduce: Simplified Data Processing on Large Clusters},
  year         = 2004,
  pages        = 13,
  organization = {OSDI},
  publisher    = {Google},
  edition      = 15,
  note         = "\url{https://ai.google/research/pubs/pub62}",
  language     = {ukrainian}
}

@book{EGAPOpenDataBook,
  author       = {Пігарєв Ю., Дрешпак В., Куспляк І.},
  title        = {Доступ до публічної інформації: частина 11},
  publisher    = {EGAP},
  year         = 2017,
  isbn         = {9789662214789},
  language     = {ukrainian}
}

@book{BigDataOpenData,
  author       = {Jean-Louis M., Soraya S.},
  title        = {Big Data, Open Data and Data Development},
  publisher    = {Willey},
  year         = 2016,
  volume       = 3,
  month        = 3,
  isbn         = {9781848218802},
  language     = {ukrainian}
}

@book{TheGlobalImpact,
  author       = {Stefaan V., Andrew Y.},
  title        = {The Global Impact of Open Data},
  publisher    = {O'Reilly},
  year         = 2016,
  month        = 7,
  isbn         = {9781492042785},
  language     = {ukrainian}
}

@misc{FakeOpenDataEcosystem,
  author       = {Газін А.},
  title        = {Екосистема відкритих даних в Україні: рекомендації щодо впровадження політики},
  organization = {Агенція журналістики даних},
  pages        = 11,
  year         = 2015,
  language     = {ukrainian}
}

@misc{OpenDataLovers,
  author       = {Гурський Д.},
  title        = {Що читати, слухати та куди подаватися Open Data Lovers?},
  publisher    = {Дім Інновацій},
  year         = 2019,
  language     = {ukrainian}
}

@misc{GovPublicDataLaw,
  title        = {Постанова від 21 жовтня 2015 р. № 835: положення про набори даних, які підлягають оприлюдненню у формі відкритих даних},
  publisher    = {Кабінет Міністрів України},
  year         = 2015,
  language     = {ukrainian}
}
